<?xml version="1.0" encoding="UTF-8"?><record xmlns="http://www.loc.gov/MARC21/slim" xmlns:cinclude="http://apache.org/cocoon/include/1.0" xmlns:zs="http://www.loc.gov/zing/srw/">
  <leader>00415cz  a2200133n  4500</leader>
  <controlfield tag="001">nr2005003577</controlfield>
  <controlfield tag="003">DLC</controlfield>
  <controlfield tag="005">20091004075405.0</controlfield>
  <controlfield tag="008">050207n| acannaabn          |n ana     c</controlfield>
  <datafield tag="010" ind1=" " ind2=" ">
    <subfield code="a">nr2005003577</subfield>
  </datafield>
  <datafield tag="035" ind1=" " ind2=" ">
    <subfield code="a">(OCoLC)oca06564829</subfield>
  </datafield>
  <datafield tag="040" ind1=" " ind2=" ">
    <subfield code="a">CU-SB</subfield>
    <subfield code="b">eng</subfield>
    <subfield code="c">CU-SB</subfield>
    <subfield code="d">HU</subfield>
  </datafield>
  <datafield tag="110" ind1="1" ind2=" ">
    <subfield code="a">Ventura County (Calif.).</subfield>
    <subfield code="b">Cultural Heritage Board</subfield>
  </datafield>
  <datafield tag="670" ind1=" " ind2=" ">
    <subfield code="a">County historical landmarks, 1989:</subfield>
    <subfield code="b">t.p. (Ventura County Cultural Heritage Board)</subfield>
  </datafield>
</record>